<?xml version="1.0" encoding="UTF-8"?><collection xmlns="http://www.loc.gov/MARC21/slim"><record><leader>00596nam--2200181-i-4500</leader><controlfield tag="001">000026163</controlfield><controlfield tag="002">20161230</controlfield><controlfield tag="005">20161230201036</controlfield><controlfield tag="008">060222s1000------------r-----000-0-eng-d</controlfield><datafield ind1=" " ind2=" " tag="040"><subfield code="a">IFIN-HH</subfield></datafield><datafield ind1=" " ind2=" " tag="080"><subfield code="a">539</subfield></datafield><datafield ind1="1" ind2=" " tag="100"><subfield code="a">Jones, G. O</subfield></datafield><datafield ind1="1" ind2="0" tag="245"><subfield code="a">Atoms and the universe</subfield><subfield code="b">An account of modern views on the structure of matter and the universe. with a prefatory note by sir john cockroft</subfield><subfield code="c">G.o. jones, j.rotblat, g.j. whitrow</subfield></datafield><datafield ind1=" " ind2=" " tag="260"><subfield code="a">London</subfield><subfield code="b">Eyre And Spottiswoode</subfield><subfield code="c">1956</subfield></datafield><datafield ind1=" " ind2=" " tag="300"><subfield code="a">254P. CU FIG. + 8PL</subfield></datafield><datafield ind1="1" ind2=" " tag="700"><subfield code="a">Whitrow, G. J</subfield></datafield><datafield ind1=" " ind2=" " tag="852"><subfield code="a">12027</subfield><subfield code="c">539</subfield></datafield><datafield ind1=" " ind2=" " tag="CAT"><subfield code="a">Sys</subfield><subfield code="c">20110923</subfield><subfield code="h">103655</subfield></datafield></record></collection>